@INPROCEEDINGS{5495905,
  author={Cao, Liangliang and Luo, Jiebo and Gallagher, Andrew and Jin, Xin and Han, Jiawei and Huang, Thomas S.},
  booktitle={2010 IEEE International Conference on Acoustics, Speech and Signal Processing}, 
  title={Aworldwide tourism recommendation system based on geotaggedweb photos}, 
  year={2010},
  volume={},
  number={},
  pages={2274-2277},
  keywords={Image databases;Image retrieval;Visual databases;Clustering algorithms;Internet;Global Positioning System;Earth;Information retrieval;Spatial databases;Laboratories;Tourism Recommendation;Geotagged Web Image Retrieval},
  doi={10.1109/ICASSP.2010.5495905}
}

